<record><leader>00000cas a22000007a 4500</leader><controlfield tag="001">11199412</controlfield><controlfield tag="008">840926d18741879wvuwr ne      0    0eng d</controlfield><datafield ind1=" " ind2=" " tag="010"><subfield code="a">sn 84038196 </subfield></datafield><datafield ind1=" " ind2=" " tag="040"><subfield code="a">NPX</subfield><subfield code="b">eng</subfield><subfield code="c">NPX</subfield><subfield code="d">WVC</subfield><subfield code="d">DLC</subfield><subfield code="d">NVK</subfield><subfield code="d">OCL</subfield><subfield code="d">OCLCQ</subfield><subfield code="d">OCLCF</subfield><subfield code="d">OCLCO</subfield></datafield><datafield ind1="1" ind2=" " tag="029"><subfield code="a">AU@</subfield><subfield code="b">000020350999</subfield></datafield><datafield ind1=" " ind2=" " tag="042"><subfield code="a">msc</subfield></datafield><datafield ind1=" " ind2=" " tag="043"><subfield code="a">n-us-wv</subfield></datafield><datafield ind1="0" ind2=" " tag="130"><subfield code="a">Weekly examiner (Moorefield, W. Va. : 1874)</subfield></datafield><datafield ind1="1" ind2="0" tag="245"><subfield code="a">Weekly examiner.</subfield></datafield><datafield ind1="3" ind2="0" tag="246"><subfield code="a">Moorefield examiner</subfield></datafield><datafield ind1=" " ind2=" " tag="260"><subfield code="a">Moorefield, W. Va. :</subfield><subfield code="b">Samuel D. Gordon</subfield></datafield><datafield ind1=" " ind2=" " tag="300"><subfield code="a">v. ;</subfield><subfield code="c">60 cm.</subfield></datafield><datafield ind1=" " ind2=" " tag="310"><subfield code="a">Weekly</subfield></datafield><datafield ind1="1" ind2=" " tag="362"><subfield code="a">Began in 1874; ceased in 1879?</subfield></datafield><datafield ind1=" " ind2=" " tag="500"><subfield code="a">Sometimes published as: The Moorefield examiner.</subfield></datafield><datafield ind1=" " ind2=" " tag="588"><subfield code="a">Description based on: Vol. 1, no. 30 (May 27, 1876).</subfield></datafield><datafield ind1=" " ind2="0" tag="651"><subfield code="a">Moorefield (W. Va.)</subfield><subfield code="v">Newspapers.</subfield></datafield><datafield ind1=" " ind2="0" tag="651"><subfield code="a">Hardy County (W. Va.)</subfield><subfield code="v">Newspapers.</subfield></datafield><datafield ind1=" " ind2="7" tag="655"><subfield code="a">Newspapers.</subfield><subfield code="2">fast</subfield><subfield code="0">(OCoLC)fst01423814</subfield></datafield><datafield ind1=" " ind2="7" tag="651"><subfield code="a">West Virginia</subfield><subfield code="z">Hardy County.</subfield><subfield code="2">fast</subfield><subfield code="0">(OCoLC)fst01228540</subfield></datafield><datafield ind1=" " ind2="7" tag="651"><subfield code="a">West Virginia</subfield><subfield code="z">Moorefield.</subfield><subfield code="2">fast</subfield><subfield code="0">(OCoLC)fst01269249</subfield></datafield><datafield ind1=" " ind2=" " tag="752"><subfield code="a">United States</subfield><subfield code="b">West Virginia</subfield><subfield code="c">Hardy</subfield><subfield code="d">Moorefield.</subfield></datafield><datafield ind1="0" ind2="0" tag="785"><subfield code="t">Moorefield examiner (Moorefield, W. Va. : 1880)</subfield><subfield code="w">(DLC)sn 85059692</subfield></datafield></record>